%http://en.wikipedia.org/wiki/BibTeX --How to is all there
@Article{network-rail-comparison,
 author    = "Network Rail",
 title     = "Comparing environmental impact of
conventional and high speed rail",
 journal = "Planning and Regulation; Route Planning; New Lines Programme",
 year      =  2014,
 volume   = "1"
}
@Article{life-cycle-buses,
 author    = "L. Kliucininkas and J. Matulevicius and D. Martuzevicius'',
 title     = "The life cycle assessment of alternative fuel chains for urban buses and
trolleybuses",
 journal = "Journal of Environmental Management",
 year      =  2012,
 volume   = "99"
}
@online{ben-lane-lca,
  author = {Ben Lane},
  title = {Emissions by different modes of transport},
  year = 2006,
  url = {https://docs.google.com/spreadsheet/ccc?key=0Agol553XfuDZdHlWSmRRckpXZWdSczdoVVBjbHU2dHc&hl=en_GB#gid=0},
  urldate = {2015-04-15}
}